<?xml version="1.0"?>
<record xmlns="http://www.loc.gov/MARC21/slim">
  <leader>02399cjm a2200541Ii 4500</leader>
  <controlfield tag="001">a11060797</controlfield>
  <controlfield tag="003">SIRSI</controlfield>
  <controlfield tag="005">20150826003002.0</controlfield>
  <controlfield tag="007">sq zmnznnmznnb</controlfield>
  <controlfield tag="008">150724s1991    txuzznn           n zxx d</controlfield>
  <datafield ind1=" " ind2=" " tag="040">
    <subfield code="a">STF</subfield>
    <subfield code="b">eng</subfield>
    <subfield code="e">rda</subfield>
    <subfield code="c">STF</subfield>
  </datafield>
  <datafield ind1="0" ind2="2" tag="028">
    <subfield code="a">1698</subfield>
    <subfield code="b">Welte-Mignon</subfield>
  </datafield>
  <datafield ind1="0" ind2="2" tag="028">
    <subfield code="a">1481</subfield>
    <subfield code="b">Welte-Mignon</subfield>
  </datafield>
  <datafield ind1=" " ind2=" " tag="035">
    <subfield code="a">(OCoLC)914364926</subfield>
  </datafield>
  <datafield ind1=" " ind2=" " tag="049">
    <subfield code="a">STFA</subfield>
  </datafield>
  <datafield ind1="0" ind2="0" tag="245">
    <subfield code="a">Impromptu, op. 41 /</subfield>
    <subfield code="c">C. Scott ; Second impromtu, op. 31 / G. Faure.</subfield>
  </datafield>
  <datafield ind1="3" ind2="0" tag="246">
    <subfield code="a">Second impromtu, op. 31 / G. Faure</subfield>
  </datafield>
  <datafield ind1="1" ind2=" " tag="246">
    <subfield code="i">Title should read:</subfield>
    <subfield code="a">Second impromptu, op. 31</subfield>
  </datafield>
  <datafield ind1=" " ind2="1" tag="264">
    <subfield code="a">Austin, Texas :</subfield>
    <subfield code="b">the Gryphon Company,</subfield>
    <subfield code="c">[1991]</subfield>
  </datafield>
  <datafield ind1=" " ind2="4" tag="264">
    <subfield code="c">&#xA9;1991</subfield>
  </datafield>
  <datafield ind1=" " ind2=" " tag="300">
    <subfield code="a">1 audio roll ;</subfield>
    <subfield code="c">12 1/4 in. x 2 3/4 in.</subfield>
  </datafield>
  <datafield ind1=" " ind2=" " tag="336">
    <subfield code="a">performed music</subfield>
    <subfield code="2">rdacontent</subfield>
  </datafield>
  <datafield ind1=" " ind2=" " tag="337">
    <subfield code="a">audio</subfield>
    <subfield code="2">rdamedia</subfield>
  </datafield>
  <datafield ind1=" " ind2=" " tag="338">
    <subfield code="a">audio roll</subfield>
    <subfield code="2">rdacarrier</subfield>
  </datafield>
  <datafield ind1=" " ind2=" " tag="344">
    <subfield code="a">analog</subfield>
    <subfield code="b">mechanical</subfield>
    <subfield code="c">tempo 80</subfield>
  </datafield>
  <datafield ind1="0" ind2="1" tag="382">
    <subfield code="a">piano</subfield>
    <subfield code="n">1</subfield>
    <subfield code="s">1</subfield>
    <subfield code="2">lcmpt</subfield>
  </datafield>
  <datafield ind1=" " ind2=" " tag="500">
    <subfield code="a">Title from roll.</subfield>
  </datafield>
  <datafield ind1="0" ind2=" " tag="511">
    <subfield code="a">C. Scott piano (1st work); O. Samaroff (2nd work).</subfield>
  </datafield>
  <datafield ind1=" " ind2=" " tag="500">
    <subfield code="a">Welte-Mignon licensee roll (T-98).</subfield>
  </datafield>
  <datafield ind1="0" ind2="0" tag="505">
    <subfield code="t">Impromptu, op. 41 --</subfield>
    <subfield code="t">Second impromptu, op. 31.</subfield>
  </datafield>
  <datafield ind1=" " ind2=" " tag="500">
    <subfield code="a">1st work: Recut. Originally released individually as a Welte-Mignon red roll, number 1698, issued in 1911.</subfield>
  </datafield>
  <datafield ind1=" " ind2=" " tag="500">
    <subfield code="a">2nd work: Recut. Originally released individually as a Welte-Mignon red roll, number 1481, issued in 1909.</subfield>
  </datafield>
  <datafield ind1=" " ind2=" " tag="590">
    <subfield code="a">Archive of Recorded Sound copy 1: Comments by Denis Condon on roll leader: "Try 90 for the Faure piece."</subfield>
  </datafield>
  <datafield ind1=" " ind2="0" tag="650">
    <subfield code="a">Piano music.</subfield>
    <subfield code=" ">^A1049172</subfield>
  </datafield>
  <datafield ind1=" " ind2="0" tag="650">
    <subfield code="a">Player piano rolls.</subfield>
    <subfield code=" ">^A1050086</subfield>
  </datafield>
  <datafield ind1=" " ind2="7" tag="655">
    <subfield code="a">Recut piano rolls.</subfield>
    <subfield code="2">local</subfield>
    <subfield code=" ">UNAUTHORIZED</subfield>
  </datafield>
  <datafield ind1=" " ind2="7" tag="655">
    <subfield code="a">Reproducing piano rolls.</subfield>
    <subfield code="2">local</subfield>
    <subfield code=" ">UNAUTHORIZED</subfield>
  </datafield>
  <datafield ind1=" " ind2="4" tag="690">
    <subfield code="a">Denis Condon Collection of Reproducing Pianos and Rolls.</subfield>
  </datafield>
  <datafield ind1="1" ind2=" " tag="700">
    <subfield code="a">Samaroff Stokowski, Olga,</subfield>
    <subfield code="d">1882-1948,</subfield>
    <subfield code="e">instrumentalist.</subfield>
    <subfield code=" ">^A738467</subfield>
  </datafield>
  <datafield ind1="1" ind2=" " tag="700">
    <subfield code="a">Scott, Cyril,</subfield>
    <subfield code="d">1879-1970,</subfield>
    <subfield code="e">instrumentalist.</subfield>
    <subfield code=" ">^A435039</subfield>
  </datafield>
  <datafield ind1="1" ind2="2" tag="700">
    <subfield code="i">Container of (work):</subfield>
    <subfield code="a">Scott, Cyril,</subfield>
    <subfield code="d">1879-1970.</subfield>
    <subfield code="t">Impromptu,</subfield>
    <subfield code="m">piano,</subfield>
    <subfield code="n">op. 41.</subfield>
    <subfield code=" ">^A3316122</subfield>
  </datafield>
  <datafield ind1="1" ind2="2" tag="700">
    <subfield code="i">Container of (work):</subfield>
    <subfield code="a">Faur&#xE9;, Gabriel,</subfield>
    <subfield code="d">1845-1924.</subfield>
    <subfield code="t">Impromptus,</subfield>
    <subfield code="m">piano,</subfield>
    <subfield code="n">no. 2, op. 31,</subfield>
    <subfield code="r">F minor.</subfield>
    <subfield code=" ">^A1540060</subfield>
  </datafield>
  <datafield ind1="2" ind2=" " tag="710">
    <subfield code="a">Gryphon Company,</subfield>
    <subfield code="e">compiler,</subfield>
    <subfield code="e">publisher.</subfield>
    <subfield code=" ">UNAUTHORIZED</subfield>
  </datafield>
  <datafield ind1=" " ind2=" " tag="916">
    <subfield code="a">DATE CATALOGED</subfield>
    <subfield code="b">20150603</subfield>
  </datafield>
  <datafield ind1=" " ind2=" " tag="994">
    <subfield code="a">C0</subfield>
    <subfield code="b">STF</subfield>
  </datafield>
  <datafield ind1=" " ind2=" " tag="035">
    <subfield code="a">(OCoLC-M)910744029</subfield>
  </datafield>
  <datafield ind1=" " ind2=" " tag="596">
    <subfield code="a">31</subfield>
  </datafield>
  <datafield ind1=" " ind2=" " tag="999">
    <subfield code="a">CONDON ROLL 541</subfield>
    <subfield code="w">ALPHANUM</subfield>
    <subfield code="c">1</subfield>
    <subfield code="i">36105225785588</subfield>
    <subfield code="l">PAGE-AS</subfield>
    <subfield code="m">SAL3</subfield>
    <subfield code="r">N</subfield>
    <subfield code="s">Y</subfield>
    <subfield code="t">NH-INHOUSE</subfield>
    <subfield code="u">6/3/2015</subfield>
  </datafield>
</record>
